<record><leader>00000cas a22000007a 4500</leader><controlfield tag="001">35369318</controlfield><controlfield tag="008">960905d19381944okudn n       0    0eng d</controlfield><datafield ind1=" " ind2=" " tag="010"><subfield code="a">sn 96093943 </subfield></datafield><datafield ind1=" " ind2=" " tag="040"><subfield code="a">OBN</subfield><subfield code="b">eng</subfield><subfield code="c">OBN</subfield><subfield code="d">OCLCQ</subfield><subfield code="d">OCLCF</subfield><subfield code="d">OCLCO</subfield></datafield><datafield ind1="1" ind2=" " tag="029"><subfield code="a">AU@</subfield><subfield code="b">000012845421</subfield></datafield><datafield ind1=" " ind2=" " tag="042"><subfield code="a">msc</subfield></datafield><datafield ind1=" " ind2=" " tag="043"><subfield code="a">n-us-ok</subfield></datafield><datafield ind1="0" ind2="0" tag="245"><subfield code="a">Pryor daily democrat.</subfield></datafield><datafield ind1=" " ind2=" " tag="260"><subfield code="a">Pryor, Okla. :</subfield><subfield code="b">Jake Proctor</subfield></datafield><datafield ind1=" " ind2=" " tag="300"><subfield code="a">v.</subfield></datafield><datafield ind1=" " ind2=" " tag="310"><subfield code="a">Daily (except Thurs., Sat. and Sun.)</subfield></datafield><datafield ind1="1" ind2=" " tag="362"><subfield code="a">Began Sep. 23, 1938; ceased in Dec. 1944.</subfield></datafield><datafield ind1=" " ind2=" " tag="500"><subfield code="a">Suspended publication June 1, 1941-Sep. 7, 1941.</subfield></datafield><datafield ind1=" " ind2=" " tag="588"><subfield code="a">Description based on: Vol. 3, no. 190 (Sep. 22, 1941).</subfield></datafield><datafield ind1=" " ind2="0" tag="651"><subfield code="a">Pryor (Okla.)</subfield><subfield code="v">Newspapers.</subfield></datafield><datafield ind1=" " ind2="0" tag="651"><subfield code="a">Mayes County (Okla.)</subfield><subfield code="v">Newspapers.</subfield></datafield><datafield ind1=" " ind2="7" tag="655"><subfield code="a">Newspapers.</subfield><subfield code="2">fast</subfield><subfield code="0">(OCoLC)fst01423814</subfield></datafield><datafield ind1=" " ind2="7" tag="651"><subfield code="a">Oklahoma</subfield><subfield code="z">Mayes County.</subfield><subfield code="2">fast</subfield><subfield code="0">(OCoLC)fst01218453</subfield></datafield><datafield ind1=" " ind2="7" tag="651"><subfield code="a">Oklahoma</subfield><subfield code="z">Pryor.</subfield><subfield code="2">fast</subfield><subfield code="0">(OCoLC)fst01220765</subfield></datafield><datafield ind1=" " ind2=" " tag="752"><subfield code="a">United States</subfield><subfield code="b">Oklahoma</subfield><subfield code="c">Mayes</subfield><subfield code="d">Pryor.</subfield></datafield><datafield ind1="0" ind2=" " tag="775"><subfield code="t">Mayes County democrat (Pryor, Okla. : 1919)</subfield><subfield code="w">(DLC)sn 96093931</subfield><subfield code="w">(OCoLC)35366241</subfield></datafield><datafield ind1="0" ind2="7" tag="785"><subfield code="t">Inola times</subfield></datafield><datafield ind1="0" ind2="7" tag="785"><subfield code="t">Pryor shopping news</subfield></datafield><datafield ind1="0" ind2="7" tag="785"><subfield code="t">Daily times-democrat (Pryor, Okla.)</subfield><subfield code="w">(DLC)sn 96093944</subfield><subfield code="w">(OCoLC)35369505</subfield></datafield></record>